4200 5875
572 563 624 656 de
656 557 824 684 lssgbye
851 561 902 654 de
923 563 1136 699 Besanf'on.
1243 673 1247 681 ,
1357 549 1371 572 ”
1389 587 1507 670 runt

210 687 263 765 ·&
280 683 342 804 ipis
363 681 485 787 quibua
498 681 568 782 ipse
587 680 713 782 jusserit
728 685 782 756 vel
808 680 947 780 ipsomet
961 681 1133 766 Pontifex.
1157 673 1354 784 &incipiat
1370 691 1508 782 ¹Ca'ntn'r

223 789 451 877 Antisonam,
469 782 671 858 Mandatum
695 805 846 872 novum,
872 783 945 857 dcc.
969 782 1064 855 Sicut
1088 783 1124 855 in
1153 781 1370 861 Autifonario
1393 792 1509 866 conti.

213 909 369 976 ‘uentura
394 889 435 960 bt
448 881 492 957 fic
510 883 689 976 incipiatur
709 879 832 952 lavatio
848 881 1004 978 pedum;
1030 882 1098 979 qui
1114 881 1282 956 lavatione
1310 891 1508 988 completi,

213 978 387 1060 deseratur
407 1007 493 1082 aqua
517 983 558 1054 ad
573 980 753 1053 abluendas
778 1003 894 1050 manua
913 981 954 1056 br
972 979 1203 1080 manutergia,
1229 984 1269 1058 δι
1295 982 1429 1060 interim
1451 990 1508 1064 di.

220 1104 299 1158 cant
320 1085 420 1158 Paeti
439 1081 479 1156 H
504 1101 650 1170 annum,
676 1075 799 1151 Tellus
822 1101 862 1149 ac
881 1081 1004 1151 aethera
1023 1081 1190 1174 jubilent,
1210 1079 1280 1158 &c
1312 1086 1355 1159 δι·
1372 1087 1507 1162 interim

212 1183 406 1256 -senioribot
422 1183 468 1254 de
538 1201 615 1252 ntur
636 1195 736 1277 panea
755 1176 892 1262 azimi,
923 1179 962 1252 δι
984 1179 1117 1254 nebulae
1147 1181 1187 1255 bt
1207 1181 1355 1272 oblatu.
1383 1187 1422 1260 ὅτ
1441 1186 1517 1263 nat

213 1305 323 1356 ·toena
342 1303 423 1354 cum
447 1279 637 1352 sobrietate.
674 1276 814 1349 Dehinc
843 1275 966 1348 seratur
983 1277 1099 1349 vinum
1118 1279 1171 1350 vel
1193 1279 1440 1378 pigmentarii,
1466 1289 1508 1363 δι

81 1380 82 1393 ’
213 1382 344 1455 bibant
361 1377 513 1452 similiter
528 1401 606 1450 cnm
625 1375 814 1448 sobrietate.
847 1372 925 1447 Post
955 1377 1026 1449 haec
1045 1376 1175 1450 dictatu
1194 1381 1237 1448 ab
1259 1379 1427 1478 Episcopo
1445 1385 1508 1458 'vel

81 1496 82 1533 l
213 1481 364 1553 Decano
384 1478 481 1568 ,baec
504 1473 650 1563 Orati03
678 1471 803 1548 Adesto
820 1474 970 1547 Domine
987 1475 1152 1548 servitutis
1170 1473 1314 1570 nostre,
1339 1481 1410 1554 dre.
1438 1484 1509 1558 Hir

80 1630 81 1675 3
197 1608 201 1616 ·
222 1579 270 1649 ita
291 1577 355 1650 titi
371 1575 535 1672 peractis,
558 1573 692 1672 surgant
709 1595 788 1645 curn
804 1571 1014 1659 reverentii,
1039 1575 1080 1652 dc
1104 1575 1226 1647 vadant
1249 1577 1291 1648 ad
1301 1578 1508 1678 Completo-

80 1682 81 1723 ³
215 1678 318 1749 riom
340 1678 467 1750 Fratres
492 1695 606 1748 autem
624 1673 669 1744 de
690 1671 1023 1772 congregationibus
1044 1671 1140 1762 illia,
1165 1675 1208 1746 ad
1235 1673 1508 1774 completorium

215 1795 221 1806 ’
302 1773 459 1862 ontibus,
479 1773 616 1846 redeant
631 1769 764 1847 ad'loca
777 1776 833 1844 sua
848 1769 921 1843 bini
936 1773 976 1846 bt
996 1770 1068 1845 bini
1084 1825 1095 1859 ,
1118 1783 1289 1849 cantantes
1314 1775 1349 1848 itt
1365 1775 1429 1856 suia
1440 1782 1506 1856 Ec.

595 1959 702 2053 Ordo
727 1962 771 2050 in
796 1958 863 2051 die
888 1966 1130 2083 Parascrvrs.

330 2157 383 2233 Ae
403 2159 484 2252 die,
507 2183 577 2234 non
595 2176 743 2256 pergunt
759 2157 888 2232 Fratres
909 2159 952 2232 ad
966 2155 1235 2250 processionem
1262 2157 1318 2234 sed
1333 2159 1406 2236 bini
1422 2159 1505 2245 litut

331 2259 450 2334 mettin
468 2259 535 2332 illia
552 2257 687 2330 videtur
704 2253 839 2328 visitent
852 2257 927 2330 loca'
943 2259 1079 2350 sanciat
1101 2257 1201 2335 &ita
1220 2262 1434 2358 temporanei
1446 2280 1506 2336 va-

215 2358 329 2448 dant,
358 2381 397 2430 ut
417 2359 501 2432 hond
516 2355 610 2429 sexti
627 2357 670 2428 ad
699 2355 734 2427 S.
762 2359 924 2456 joannem
944 2355 1188 2457 livangtllslam
1209 2360 1411 2432 conveniant
1435 2387 1508 2436 om-

217 2481 295 2547 nes,
310 2482 380 2530 non
392 2459 500 2532 soloni
515 2457 567 2528 illi
578 2453 631 2526 de
650 2453 685 2526 S.
702 2455 843 2544 joanne,
857 2455 916 2527 sed
932 2457 1036 2528 totius
1049 2457 1140 2528 urbia
1152 2455 1300 2530 Clerici:
1312 2479 1379 2530 non
1394 2473 1507 2534 ttmen

222 2577 300 2628 cnm
319 2555 530 2631 Processione
545 2553 690 2625 veniant.
717 2551 897 2651 Postquam
916 2575 1032 2628 autem
1042 2555 1087 2627 ad
1108 2554 1142 2626 S.
1159 2553 1326 2649 Joaunem
1337 2558 1508 2631 coaduna-

218 2651 387 2728 tifneriur
401 2677 475 2728 tatn
492 2653 616 2726 Cieros
629 2649 733 2749 quim
746 2653 910 2749 popolus,
937 2677 1020 2724 mox
1034 2653 1105 2726 dno
1119 2652 1306 2727 Pteabiteri
1320 2657 1508 2750 procedunt

215 2751 400 2826 esacrario
415 2751 542 2824 indutis
564 2747 735 2850 purpureis
755 2752 922 2920 planetis,
946 2775 1030 2823 unus
1045 2773 1178 2847 portant
1205 2773 1360 2850 patenam
1374 2769 1509 2831 auream

219 2873 300 2924 rum
327 2854 479 2951 Corpore
510 2850 653 2922 Domini
671 2848 756 2944 pridi
802 2851 968 2924 reservato
988 2897 1000 2929 ‚
1037 2853 1120 2924 alter
1145 2871 1226 2926 tero
1245 2849 1401 2926 scrinium
1426 2867 1505 2927 cum

221 2952 422 3024 Sandlomm
443 2950 612 3045 Reliquiis
624 2974 636 3035 3
650 2947 774 3044 quibus
795 2951 1004 3023 venientibus
1016 2951 1050 3021 in
1067 2950 1246 3029 Chorum.
1268 2950 1388 3023 omnen
1403 2952 1509 3027 assur-

267 3074 319 3137 nr,
337 3050 537 3122 inclinantes
550 3046 581 3118 se
595 3046 664 3118 illia
683 3068 879 3120 reverenter.
893 3050 1053 3121 Ferentes
1065 3050 1186 3122 sanan
1196 3048 1439 3145 procedam&
1450 3052 1508 3125 alii

219 3075 457 3247 ffbtequmnr
473 3144 601 3221 bini&
619 3145 720 3231 bini,
746 3144 829 3219 sicut
852 3170 925 3219 mot
940 3145 1011 3235 est,
1034 3146 1144 3219 donec
1161 3148 1296 3220 veniant
1314 3148 1359 3220 ad
1376 3150 1412 3221 S.
1431 3150 1508 3224 Ste-

220 3250 367 3345 plunum
389 3248 425 3319 iu
450 3265 590 3332 monte,
615 3266 786 3316 cantantes
810 3244 958 3319 Psalmos
977 3246 1011 3316 in
1025 3237 1090 3317 'vid
1106 3242 1263 3321 [ludione.
1286 3248 1371 3319 Non
1395 3247 1508 3323 serant

218 3370 358 3435 emera,
382 3370 442 3418 nec
464 3344 684 3432 candelabra,
708 3366 772 3416 nec
797 3344 941 3431 saneta,
968 3343 1052 3415 licut
1074 3344 1358 3441 praetitulavimus.

269 3445 365 3517 Cum
384 3466 497 3516 autem
514 3442 665 3514 venerint
689 3442 734 3513 ad
748 3446 860 3515 valvas
882 3444 996 3516 sanati
1012 3442 1169 3541 Stephani
1184 3492 1203 3540 ,·
1216 3444 1354 3541 incipiat
1379 3446 1506 3519 Cantor

221 3560 266 3626 aa.
287 3543 417 3617 Velum
432 3540 553 3637 templi
572 3536 705 3613 scissum
725 3539 783 3613 est.
798 3546 892 3633 Quo
904 3540 1034 3626 sinito,
1056 3540 1299 3639 prosternantur
1320 3542 1509 3619 adoratio·

221 3663 312 3714 nem.
336 3641 431 3713 Cum
450 3662 563 3713 autem
591 3643 598 3655 '
652 3664 710 3712 um
733 3638 837 3715 suerit
857 3644 1021 3728 Decano,
1045 3640 1204 3729 terminet
1216 3640 1436 3731 Orationem;
1463 3642 1505 3717 dr

218 3740 307 3813 dato
325 3738 444 3840 ligno,
466 3738 558 3810 dicat
608 3733 724 3811 hristus
738 3736 846 3812 saun
858 3737 905 3812 est
922 3764 984 3836 pro
999 3739 1099 3811 nobia
1114 3737 1275 3812 obedient
1295 3738 1383 3812 Patri
1400 3740 1504 3837 usque

219 3840 263 3910 ad
281 3861 456 3927 morrem;
480 3836 535 3909 cni
555 3838 755 3933 respondent
782 3863 924 3928 omnes,
938 3840 1089 3910 Mortem
1104 3860 1216 3909 autem
1238 3836 1371 3929 crucir3
1394 3838 1435 3913 bc
1457 3837 1504 3914 sic

219 3936 383 4035 surgunt,
407 3941 447 4012 δι
461 3936 576 4009 sedent
596 3958 675 4007 cum
690 3935 835 4009 silentio.

182 1919 187 1928 ·
217 1877 270 1947 cle
298 1874 327 1946 ia
345 1871 508 1945 similiter.

132 4028 136 4033 ’
224 4060 231 4069 ·
270 4036 369 4109 Hora
388 4035 533 4123 oblati,
557 4034 709 4133 prooedit
728 4032 929 4108 Pontifette
953 4031 1093 4107 sacrario
1106 4056 1182 4107 ante
1202 4034 1328 4124 altare,
1346 4035 1389 4109 ad
1402 4051 1504 4108 otana

220 4136 305 4208 dnm
323 4136 418 4232 super
439 4130 723 4205 oratoriumsficnt
736 4158 811 4206 mot
832 4130 890 4205 est.
916 4132 1039 4205 Statim
1054 4158 1132 4206 cum
1153 4130 1351 4223 surrexerit,
1375 4156 1453 4206 cnm
1465 4132 1502 4209 st·-

222 4235 331 4307 lentio
354 4233 500 4306 ascendit
526 4233 661 4319 sedem,
686 4253 755 4303 non
778 4255 891 4306 tamen
905 4236 1078 4328 majorem.
1101 4231 1203 4304 Tunc
1218 4230 1355 4328 incipiat
1374 4232 1503 4305 Cantor

224 4350 264 4415 rr.
276 4330 446 4406 Tenebrae
467 4330 568 4404 fattae
589 4329 663 4401 sunt
680 4343 775 4427 aquo
794 4330 919 4422 finito,
943 4356 1025 4403 mox
1043 4331 1274 4405 subdiaconus
1296 4330 1445 4404 ascendit
1458 4332 1501 4405 ad

213 4432 405 4530 legendum
428 4482 440 4520 ,
472 4432 511 4504 dr
534 4427 609 4525 post
626 4425 807 4506 ledlionem
825 4424 1160 4519 cantatanradius,
1185 4428 1334 4502 Domine
1359 4431 1501 4520 audivi;

221 4556 292 4627 quo
307 4527 428 4608 finito,
441 4529 531 4603 dicat
546 4525 707 4601 Pontifex
724 4522 893 4616 oremus,
923 4531 963 4605 δι
984 4529 1160 4601 Diaconos
1178 4528 1366 4601 flectamus
1382 4552 1500 4625 genua.

224 4630 264 4703 bt
280 4630 431 4728 Levate,
453 4630 492 4703 dt
504 4626 589 4699 dicit
602 4626 803 4703 Orationem
819 4680 830 4713 ,
857 4628 953 4700 Deus
971 4626 1073 4723 iquo
1089 4630 1129 4703 bt
1145 4625 1248 4798 podas
1263 4674 1275 4714 ,
1291 4625 1362 4698 bac.
1377 4625 1499 4701 deinde

221 4725 368 4824 sequitur
383 4728 484 4800 altera
495 4723 620 4811 teatio,
634 4727 673 4799 dt
686 4726 797 4823 postea
816 4723 1131 4837 sequiturTradltis‚
1177 4723 1246 4819 ripe
1259 4746 1314 4794 me
1325 4725 1499 4815 Dominea

221 4850 293 4923 quo
309 4822 438 4916 sinito,
462 4825 587 4925 legitur
606 4823 714 4898 Pallio
729 4827 873 4899 Domini
891 4824 1075 4897 secundiani
1087 4831 1260 4929 Joannem.
1273 4820 1365 4897 Cum
1387 4845 1499 4898 aurem

223 4948 362 4997 ventum
386 4922 488 5001 suerit
502 4924 548 4997 ad
560 4925 676 4998 locum
686 4926 745 5000 ubi
759 4925 844 5000 dicit
862 4924 1087 5023 Evangelista,
1103 4922 1220 4999 Partiri
1232 4920 1307 5033 sunt
1324 4923 1498 5000 vestimen·

1222 5020 1298 5117 Et]
1404 5086 1406 5093 .
