4200 5875
557 634 606 726 dt
630 626 754 755 ltgti
771 632 860 725 r'dt
876 634 1095 757 'Besonpot'n
1399 639 1492 733 xlix

205 751 429 831 devotionern
440 776 541 849 quum
558 778 637 853 erga
662 754 684 827 S
788 779 823 829 tn
842 754 1132 852 protomartyrem
1149 746 1277 847 strepet
1296 752 1496 831 babuerunt.

203 854 475 948 Noncoguntut
498 854 644 951 jejunate
668 852 789 943 Lalei,
817 849 879 924 nist
905 851 1022 950 sponte
1044 847 1293 925 relint‘sucere:
1427 878 1431 886 ¹
1464 882 1481 897 ¹·

258 950 315 1025 Ad
335 949 497 1063 Vesperts
512 974 590 1025 conr
609 952 704 1027 omui
723 949 933 1027 Prdeeffione
954 953 995 1029 δι
1006 949 1103 1025 ootoi
1115 948 1256 1028 decore,
1267 948 1381 1025 sanet
1392 950 1498 1029 loun«

110 1140 114 1151 ..
205 1048 261 1123 nie
282 1048 445 1125 Canomci
478 1050 518 1125 bt
542 1050 645 1124 totiut
672 1052 763 1125 urbit
789 1050 943 1135 Clerici,
971 1069 1115 1149 pergunt
1147 1047 1191 1121 ad
1214 1047 1252 1125 S·
1272 1048 1491 1163 Stephanum.

115 1154 117 1157 ’
209 1149 264 1225 lbi
276 1148 628 1247 celebteutVespetas.
641 1152 811 1225 Dextrum
830 1148 981 1223 Cnotutn
1001 1150 1145 1226 habeant
1159 1148 1196 1221 S·
1221 1148 1358 1227 Juanrue
1376 1149 1490 1225 Cauo-

210 1247 305 1340 nici,
327 1243 490 1323 sinistrum
512 1248 548 1323 S.
569 1248 737 1346 Stephani.
758 1250 831 1337 Qui
854 1248 948 1346 supet
971 1248 1154 1321 adveniunt
1177 1244 1325 1339 Clerici,
1349 1244 1490 1321 licuoo·

89 1384 93 1389 ·
207 1346 286 1423 ¹nice
299 1343 519 1436 stutioduti,
544 1346 718 1426 terum
737 1348 930 1421 ordinentur
939 1346 975 1419 in
987 1346 1116 1419 Choro.
1129 1344 1286 1445 vespert
1302 1371 1380 1421 curn
1394 1346 1493 1421 omui

210 1439 321 1521 {ludio
344 1466 541 1531 cantenturt
565 1440 674 1543 licque'
693 1446 751 1520 suo
770 1446 885 1518 ordine
902 1443 1084 1517 finiantur.-
1246 1502 1250 1509 ,
1466 1470 1474 1512 ι

257 1542 345 1617 Post
371 1545 566 1642 Vespetat,
593 1542 816 1621 Ca'nonici'S.
840 1544 998 1639 Stepluni
1028 1544 1069 1619 bt
1082 1541 1129 1617 -8.
1150 1538 1248 1615 Pauli
1269 1565 1345 1616 eant
1367 1540 1487 1616 Glaus-

211 1666 327 1729 trum,
356 1645 396 1719 dc
422 1644 526 1717 totius
546 1644 635 1719 urbis
653 1644 803 1734 Clerici,
826 1643 965 1740 excepti
994 1642 1322 1740 congregationes.
1349 1636 1486 1745 Joanoie

210 1742 340 1838 Evang.
369 1740 431 1841 ipsi
452 1763 640 1819 remaneant
665 1740 701 1817 in
718 1742 836 1819 Choto
850 1792 861 1831 ,
873 1738 1018 1815 studiosi
1036 1762 1206 1813 cantantes
1227 1736 1394 1839 Vigiliarn
1415 1738 1487 1837 pri·

122 1862 130 1873 ·
210 1864 328 1930 mant,
354 1840 422 1941 qul
445 1840 579 1928 finiti,
611 1862 689 1915 caut
710 1838 947 1915 Refedloriunt
981 1842 1021 1915 dt
1044 1859 1227 1935 apponatur
1274 1838 1323 1913 eiu
1358 1838 1484 1911 uiuunt

210 1938 340 2036 Sitque.
348 1960 551 2023 revertantur
562 1940 605 2013 ad
625 1938 831 2035 S.Jo'auneor
844 1958 980 2035 propter
990 1936 1187 2011 matutinale
1202 1932 1369 2010 officium
1377 1960 1390 2023 ι
1403 1934 1486 2035 quia

210 2036 307 2109 ficuri
332 2038 387 2111 illa
409 2038 453 2111 de
471 2062 614 2127 monte,
633 2036 678 2111 stc
698 2040 738 2114 bc
762 2038 818 2110 illa
832 2036 879 2111 est
902 2038 937 2109 in
960 2038 1087 2109 honore
1111 2032 1227 2109 sandi
1242 2033 1415 2131 Stephani.

261 2132 340 2209 Post
361 2134 504 2233 primam
533 2136 724 2237 Vigiliarn,
743 2132 853 2209 statim
876 2135 1021 2233 pulsetur
1040 2133 1205 2223 collatio,
1236 2134 1278 2209 dc
1297 2132 1483 2207 celebretur
1610 2140 1614 2149 '

208 2252 293 2307 tune
305 2234 584 2333 Completorium.
610 2234 726 2309 Postea
743 2234 1013 2309 eantdorrnirurn
1033 2260 1047 2322 t
1077 2239 1116 2314 δι
1136 2228 1248 2305 statim
1257 2230 1425 2305 canonici
1444 2230 1479 2305 S.

84 2370 90 2379 ·
209 2333 304 2405 Pauli
328 2334 367 2413 δι
386 2336 490 2407 totius
512 2336 603 2409 urbia
624 2334 773 2422 Clerici,
794 2334 956 2429 incipiant
983 2332 1160 2405 secundant
1178 2329 1226 2404 V'
1254 2329 1356 2403 'liam.
1385 2332 1484 2403 later.

199 2428 274 2503 sim
293 2432 463 2528 pulsentur
479 2435 658 2507 Matutinae
703 2431 942 2519 eriotervalla,
967 2436 1006 2504 (ιι
1027 2427 1287 2527 finirtvigint,
1309 2428 1479 2525 incipian-

208 2530 301 2605 rura
324 2532 476 2606 Fratibut
496 2534 643 2633 ejusdem
728 2517 954 2631 ngtegationd
965 2557 979 2623 5
1010 2526 1124 2625 sicque
1146 2546 1221 2600 tota
1239 2526 1364 2599 noxio
1391 2530 1483 2599 Lau·

206 2628 309 2704 dibus
330 2630 524 2703 deducatur.
583 2684 588 2695 .
888 2630 894 2641 ’
933 2660 937 2669 ’
1223 2684 1227 2690 .
1466 2637 1470 2655 ’

259 2729 362 2801 Mune
374 2728 518 2824 pulsetur
539 2726 650 2801 Prima
667 2728 754 2825 apud
778 2726 938 2801 Sandlutn
960 2724 1150 2821 Joanoern,
1172 2744 1244 2799 tem
1290 2720 1358 2798 riita
1381 2747 1484 2819 quam

202 2828 383 2919 solito,&
405 2851 564 2901 cantetur.
581 2827 705 2901 'Postea
725 2824 864 2917 Tertia,
889 2822 1064 2924 postquam
1074 2818 1230 2900 Missa&
1270 2841 1357 2899 etta.
1378 2822 1484 2897 Tunc

196 2951 393 3025 praeparent
423 2926 455 2998 se
478 2928 540 3000 title
566 2926 604 3000 &
623 2926 879 3012 ordinabiliter,
897 2951 976 2996 curn
1008 2924 1102 2997 omni
1120 2924 1243 2996 decore
1274 2922 1486 2997 ascendentes

203 3049 387 3117 montem,
415 3023 829 3122 praecedentibuurexillie
851 3025 890 3098 δε
914 3023 1104 3110 Crucibus,
1131 3021 1336 3099 candelabris
1353 3023 1394 3098 δι
1417 3044 1487 3100 tur·
1614 3075 1621 3084 .

69 3119 70 3178 l
126 3180 129 3186 -
201 3123 337 3200 ribulis.
365 3127 530 3200 letrantes
549 3121 901 3218 Ecclesium,incipiut
918 3121 1047 3194 Cantor
1068 3119 1152 3192 Ano
1171 3122 1226 3192 rel
1254 3117 1357 3220 Rcsp
1379 3115 1484 3205 des,

201 3224 393 3320 Stephano.
418 3221 509 3298 Ctttn
527 3245 642 3296 autern
660 3220 811 3296 νιιιιιίιιι
832 3223 867 3290 in
880 3219 1059 3308 Cluturn,
1083 3217 1371 3291 oteutburniliter.
1390 3220 1485 3290 Dato

69 3319 70 3328 '
199 3323 391 3396 dDecano
407 3321 523 3422 ligno,
546 3347 665 3395 omnes
678 3343 793 3416 petant
806 3317 1030 3415 Capitulum,
1058 3315 1221 3395 faciuntea
1243 3315 1485 3414 proccffionttlt

69 3485 70 3492 ,
203 3447 263 3518 per
288 3418 483 3494 Clausttunt.
513 3419 656 3494 Ferret
739 3416 904 3508 cessione,
923 3415 1014 3491 venit
1034 3415 1203 3502 Dominus
1216 3415 1377 3511 Atcbiep.
1407 3437 1485 3488 aute

69 3577 70 3620 ,
205 3521 310 3594 altare
327 3544 404 3590 curn
425 3519 490 3592 suis
507 3515 752 3614 praeceffonbus
770 3513 855 3586 srcut
874 3517 913 3588 iu
931 3515 987 3588 die
1010 3514 1170 3590 Pulcher
1202 3516 1243 3590 dt
1265 3513 1351 3586 fiunt
1371 3514 1485 3588 omnia

204 3615 324 3692 scilice
347 3617 433 3698 stent
446 3619 482 3690 in
495 3617 587 3692 diet
606 3616 842 3704 solemnitate,
866 3625 934 3686 tarn
958 3614 991 3684 in
1006 3613 1122 3684 dando
1134 3611 1362 3710 Presbyterio.
1380 3636 1483 3710 quarn

69 3721 70 3778 ἶ
207 3719 386 3792 incurrero
408 3713 537 3792 Officio
557 3764 568 3794 .
593 3717 633 3788 dt
655 3716 689 3786 in
711 3713 924 3788 aoemdendo
942 3711 1024 3782 fero.
1056 3711 1189 3782 Caetrta
1218 3683 1395 3804 quaesunt
1421 3735 1481 3783 ne-

69 3840 70 3852 *
198 3813 362 3904 cellaria,
387 3815 522 3888 ordinet
536 3811 821 3910 ,Archiepiscopur
855 3813 893 3886 δι
920 3808 1050 3882 Decani
1077 3811 1117 3885 dt
1139 3806 1405 3897 Archidiaconi,
1439 3809 1482 3884 ἃ

205 3916 350 4011 majores
373 3911 553 3989 secundum
578 3912 825 4010 quod'tempuu
837 3908 1041 3997 diffluent,
1063 3907 1112 3978 ita
1132 3927 1169 3978 ut
1184 3905 1353 4003 Stephano
1367 3901 1480 3980 nollr·

69 4033 70 4054 ³
200 4013 289 4088 nihil
309 4011 403 4086 desit.

254 4114 393 4200 Quarto
413 4110 489 4184 Idus
522 4106 665 4207 Augusti
689 4105 846 4182 sestiritas
870 4105 905 4178 S.
926 4101 1099 4178 Laurentii
1125 4099 1295 4198 Martyris.

69 4272 70 4277 ,
157 4263 161 4269 .
254 4209 359 4282 Hanc
377 4208 486 4282 omnis
507 4207 602 4303 plebs
625 4205 747 4278 drvotl
768 4185 933 4296 celebrat,
955 4203 1077 4302 piique
1095 4199 1278 4289 deuotione
1296 4195 1425 4270 recolit.
1440 4197 1480 4268 ln

186 4307 267 4386 ‚isid
280 4307 367 4398 die,
392 4307 531 4384 eructo
554 4305 728 4380 clerus&
751 4297 918 4402 populus',
940 4305 982 4374 ad
1004 4305 1078 4398 ejus
1105 4296 1289 4372 Ecclesiam
1313 4294 1480 4391 propriant

200 4432 283 4483 curn
317 4405 519 4504 procellione
540 4403 644 4476 debet
665 4405 799 4494 uenire,
828 4426 867 4476 ut
885 4403 933 4474 ibi
955 4400 1109 4473 divinum
1126 4398 1273 4472 celebret
1302 4390 1479 4467 officiunt

197 4510 238 4584 Si
263 4502 354 4579 adest
377 4502 681 4600 Ardriepiscopos,
702 4529 770 4576 non
798 4501 980 4598 accingitur
1004 4497 1233 4585 Palleo,cutn
1257 4519 1325 4567 unu
1347 4490 1482 4565 tantirtu

197 4607 361 4686 Diacono
382 4607 423 4681 bt
439 4601 677 4684 Subdiacooo,
702 4600 920 4673 Turriferurio
943 4601 983 4672 bt
1007 4595 1139 4668 duobus
1161 4592 1351 4688 Acholytis.

244 4705 389 4776 ottavo
412 4700 546 4774 deciano
562 4701 733 4774 Kalendas
749 4696 977 4794 Septembris,
1001 4691 1116 4766 Alsum
1141 4693 1190 4765 tio
1209 4691 1241 4762 S.
1267 4689 1386 4762 Mariae
1399 4688 1480 4762 set»

199 4829 261 4900 per
283 4799 455 4899 Virginis,
469 4801 572 4900 ¹cujus
590 4797 837 4870 sacratissimum
863 4795 1021 4892 Corput,
1050 4793 1089 4865 δι
1110 4719 1139 4862 li
1158 4815 1224 4862 non
1242 4783 1481 4897 ,invenitursu-

69 4927 70 4934 ¹
149 4919 155 4928 ·
200 4927 263 4999 per
277 4923 414 4988 terr-arn,
441 4922 554 4972 tamen
573 4898 630 4994 pia
648 4899 758 4970 Mater
779 4890 922 4968 Ecclesia
939 4889 1164 4964 venerabilem
1184 4889 1257 4984 ejus
1279 4907 1478 4958 memoriam

203 4999 252 5074 lic
272 4995 427 5076 fellitam
454 4997 553 5098 agit,
577 5020 613 5070 ut
630 5021 696 5094 pto
714 4993 917 5069 conditione.
932 4991 1040 5064 carnis
1060 5013 1137 5064 taur
1152 4983 1309 5160 ruigglle
1323 5011 1396 5062 uota
1411 4981 1478 5060 dt»
