4200 5875
575 560 603 673 ij
838 614 843 642 ι
965 564 1134 648 Preuues
1151 581 1255 676 pour
1280 551 1477 675 l'Hiflor're

570 690 721 772 gemnt3
743 670 793 744 ira
806 694 868 744 tros
895 673 997 749 nullae
1022 675 1140 750 mundi
1156 679 1253 773 hujus
1273 675 1482 752 inlecebraed
1503 675 1570 753 surr
1592 673 1766 775 propolito
1785 677 1850 754 ser·

573 773 693 845 viroris
716 770 901 868 perniciosa
920 771 1096 852 *securitate
1115 773 1316 852 deflectant:
1334 799 1374 852 ut
1388 777 1546 851 virtutem
1560 779 1640 852 fidei
1666 773 1783 858 nostrae
1801 779 1855 852 di·

572 874 671 944 uinus
693 871 780 971 ignis
799 871 864 944 suae
878 873 1054 948 charitatis
1069 877 1227 948 accendat
1242 928 1254 966 ,
1278 876 1318 950 δι
1332 878 1449 951 omnia
1463 881 1497 952 iu
1509 879 1609 954 uobis
1622 878 1854 975 corporalium

571 969 735 1044 vitiorum
748 970 967 1045 fundamenta
978 975 1166 1050 consumat.
1184 976 1255 1050 Pet.

1111 1147 1312 1242 collectio.

678 1274 749 1346 Eue
763 1320 778 1360 ‚
794 1267 889 1363 cujus
907 1294 1057 1343 amorem
1076 1267 1211 1368 piisslmi
1236 1267 1446 1343 Confeffores
1466 1269 1505 1344 dt
1519 1273 1684 1370 Martyres
1702 1273 1752 1346 tui
1764 1275 1851 1354 Fer..

677 1374 789 1445 reolus
811 1373 851 1444 ἃ
866 1369 1024 1442 Ferrucio
1043 1395 1158 1442 cruore
1170 1367 1322 1444 adstrunt
1343 1373 1383 1446 de
1401 1391 1510 1442 morte
1527 1368 1752 1446 confirmans:
1781 1376 1847 1472 qui

511 1560 517 1569 Ι
565 1471 653 1545 dum
666 1472 729 1544 tibi
748 1468 977 1566 tamlibenter
993 1468 1163 1564 sumptum
1179 1472 1246 1542 'ate
1264 1469 1344 1541 vitae
1363 1494 1483 1542 munus
1503 1470 1724 1566 impendunt,
1738 1474 1848 1548 nemi·

566 1594 648 1642 nem
660 1597 729 1643 non
743 1594 805 1666 pru
829 1565 900 1639 vird
920 1569 1008 1640 mori
1032 1568 1216 1640 testantur:
1239 1569 1388 1642 concede
1404 1592 1443 1642 ut
1457 1567 1585 1655 fidem,
1610 1593 1714 1666 quam
1733 1573 1848 1646 cordi·

437 1761 440 1768 Ι
565 1669 631 1742 bus
653 1667 768 1743 nostris
781 1665 915 1763 proprio
928 1666 1118 1768 inscriptam
1140 1665 1297 1764 sanguine
1316 1669 1519 1766 reliquerunt
1535 1667 1634 1754 ‚vitre
1648 1667 1775 1742 meritis
1789 1698 1849 1745 ex·

566 1769 743 1842 colamus:
758 1768 805 1840 Et
818 1767 909 1863 quod
930 1766 966 1838 in
980 1765 1028 1838 eis
1042 1767 1267 1857 admiramur,
1279 1767 1451 1840 imitemur
1465 1795 1477 1854 ;
1492 1769 1586 1864 quod
1604 1768 1748 1840 colimus
1764 1820 1775 1857 ,
1790 1769 1848 1844 di.

504 1892 510 1902 *
560 1866 732 1966 ligantum
758 1865 853 1963 quod
870 1866 971 1938 laude
983 1861 1238 1966 prosequimur,
1252 1867 1500 1942 conversatione
1525 1863 1700 1941 serentum
1715 1868 1789 1945 Per.

1063 2037 1144 2159 1³0st
1168 2045 1334 2133 nomina.

645 2154 812 2235 Ecenlitis
842 2156 1042 2230 nominibus
1065 2161 1204 2240 fratrum
1219 2213 1231 2252 ,
1246 2184 1462 2256 errorumque
1484 2154 1695 2253 nostrorum,
1710 2185 1849 2238 oremus

644 2256 854 2333 dominicam
880 2259 1160 2338 misericordiam:
1181 2282 1219 2332 ut
1237 2262 1271 2331 in
1287 2260 1402 2332 madio
1424 2258 1682 2332 Hierusalemin
1704 2285 1846 2360 congre·

556 2363 694 2457 gatione
711 2359 914 2430 ὃαῡᾶοῐῦηῑ
929 2361 1000 2430 haec
1025 2360 1166 2437 nomina
1180 2357 1241 2431 fibi
1256 2358 1356 2430 faciat
1383 2357 1425 2428 ab
1451 2358 1585 2456 Angelo
1601 2357 1848 2432 sandlificario-

558 2458 612 2530 nis
628 2459 665 2530 ln
680 2457 925 2540 beatitudinem
939 2454 1054 2531 aetetnl
1075 2460 1188 2563 gaudii
1205 2459 1365 2530 recenseri
1384 2483 1392 2526 ε
1408 2455 1670 2556 sacrificiumque
1685 2461 1750 2530 boc
1766 2459 1847 2532 nos-

557 2579 650 2630 trum
671 2555 752 2629 ficut
768 2557 802 2626 'tn
821 2554 1133 2652 praeformationem
1157 2557 1407 2631 Melchisedech
1422 2604 1434 2635 ,
1448 2557 1483 2628 ἰη
1497 2553 1621 2628 uirtute
1634 2555 1842 2630 sanstificet:

557 2683 671 2755 preces
685 2681 822 2754 quoque
833 2655 1046 2728 offerentium
1057 2663 1216 2753 hancper
1233 2657 1443 2729 oblationem
1462 2653 1662 2752 propitiatus
1683 2656 1842 2730 exaudiat

557 2759 595 2827 in
610 2759 971 2828 commemorationem
987 2756 1251 2833 beatissimorum
1273 2757 1463 2854 Martyrum
1488 2754 1636 2828 Ferreoli
1658 2757 1698 2832 ur
1718 2757 1747 2828 F
1748 2781 1844 2831 erru-

555 2855 665 2926 cionis
679 2906 692 2945 ,
706 2852 925 2953 omniumque
949 2855 1172 2932 Sanclorum:
1196 2877 1234 2928 ut
1249 2879 1367 2930 rorum
1382 2853 1534 2951 precibus
1548 2851 1657 2951 adjuti
1671 2906 1685 2945 ,
1700 2881 1769 2927 non
1779 2855 1839 2928 so-

557 2958 631 3028 lum
643 2954 831 3027 viventibus
845 2950 993 3053 ptaefidia
1005 3006 1017 3043 ,
1030 2983 1147 3033 rerum
1163 2955 1266 3029 etiam
1279 2954 1451 3029 defundis
1462 2954 1544 3027 caris
1558 2952 1843 3054 nostrisrequiem

555 3055 711 3128 obtinere
722 3077 921 3128 mereantur.
941 3056 1015 3127 Per.

986 3227 1171 3319 Collellio
1194 3226 1253 3317 ad
1265 3256 1409 3349 pacem.

681 3349 809 3424 Irabilis
822 3351 860 3422 in
878 3348 1007 3422 Sanclis
1022 3348 1117 3437 ruis,
1146 3346 1296 3421 Domine
1316 3348 1481 3421 virtutum
1503 3398 1517 3433 ,
1543 3347 1584 3421 &
1605 3340 1841 3438 peccatoribus

686 3450 806 3539 nobis,
821 3444 1084 3523 beatissimorum
1096 3448 1282 3547 Martyrum
1297 3469 1433 3521 tuorum
1446 3447 1592 3520 Ferreoli
1608 3443 1648 3517 dc
1662 3446 1692 3515 F
1692 3442 1839 3516 errucio·

559 3552 611 3618 nis
628 3546 816 3643 patrocinio
838 3547 990 3647 largire;
1023 3545 1075 3618 illi
1097 3570 1236 3619 coronas
1259 3544 1404 3647 insignes
1427 3544 1642 3645 gemnibus.
1664 3540 1837 3641 lapidibus

558 3648 708 3743 pretiofis
723 3647 878 3749 Martyrii
899 3652 1022 3720 uirtute
1042 3668 1257 3721 nueruerunt:
1281 3672 1342 3725 nos
1363 3670 1484 3721 eorum
1507 3642 1694 3815 Γυίῖηξίἰρ,
1714 3665 1748 3715 te
1769 3640 1837 3714 do-

556 3768 658 3818 nante
672 3748 875 3822 delidlorum
892 3744 1022 3819 veniam
1046 3744 1308 3843 consequamun
1327 3750 1368 3825 &
1392 3744 1539 3820 concede
1562 3770 1606 3815 no
1632 3742 1659 3814 is
1673 3791 1686 3831 ,
1698 3764 1837 3813 utcon-

553 3847 689 3942 junclio
702 3848 891 3939 labiorum,
909 3848 1028 3941 copula
1040 3840 1400 3921 efficiaturanimarum
1411 3872 1423 3936 ς
1446 3840 1716 3921 &ministerium
1727 3839 1834 3913 osculi

554 3969 723 4042 perpetuae
735 3945 892 4047 proficiat
911 3942 1050 4019 caritati.
1071 3944 1147 4019 Pet.
1459 3952 1463 3957 ’
1518 3946 1521 3955 ’

1079 4118 1328 4237 Coneeflutia

555 4248 645 4415 D
659 4237 783 4337 lguum
801 4243 840 4319 δι
855 4239 976 4340 justum
989 4234 1047 4314 est.
1062 4240 1155 4315 Vere
1170 4241 1312 4339 dignum
1326 4240 1366 4315 br
1383 4234 1508 4335 justum
1524 4234 1573 4310 ell
1587 4260 1596 4304 ε
1611 4232 1840 4332 quotiescum·

658 4362 724 4435 que
746 4366 875 4441 pugnas
901 4342 1103 4415 Sandlorurn
1127 4338 1304 4412 recolimus
1330 4387 1342 4419 ‚
1367 4360 1403 4411 te
1428 4335 1602 4409 laudamus
1619 4363 1629 4402 ε
1646 4337 1685 4409 be
1701 4332 1738 4407 in
1761 4358 1837 4431 quo

551 4434 717 4537 Martyres
736 4463 813 4513 tuos
829 4444 1019 4516 Ferreolum
1039 4444 1079 4517 dr
1100 4434 1337 4525 Ferrueionem
1355 4434 1556 4535 proferimus
1578 4484 1592 4524 ‚
1614 4431 1681 4507 tuis
1694 4431 1840 4523 virturi-

550 4532 613 4605 bus
631 4537 875 4615 adscribamurz
901 4542 982 4638 quia
995 4540 1131 4613 illorum
1151 4559 1274 4609 corona
1294 4560 1352 4611 tua
1369 4532 1417 4610 cst
1432 4534 1565 4638 gloria:
1588 4533 1647 4631 qui
1671 4558 1729 4631 per
1750 4532 1837 4605 uni-

547 4657 626 4704 cum
656 4637 784 4718 Filium
809 4665 904 4714 tuum
918 4640 1036 4718 Jesum
1060 4635 1229 4711 Christum
1249 4636 1442 4711 Dominum
1470 4659 1508 4705 ac
1530 4632 1739 4707 Solvaeorem
1755 4630 1841 4703 nos-

545 4750 637 4802 trum
659 4740 811 4813 mortalia
837 4765 977 4838 corpora
1002 4735 1144 4811 docuisti
1168 4733 1299 4835 pretiosi
1331 4738 1479 4836 palmam
1505 4757 1640 4830 portare
1665 4729 1839 4831 Martyrii.

545 4828 637 4921 Juste
660 4858 773 4911 aurem
795 4841 864 4913 ruis
886 4838 1013 4914 meritis
1031 4838 1207 4914 exibemus
1228 4887 1242 4927 ,
1266 4862 1338 4936 quo
1365 4830 1621 4909 fortiffimorum
1642 4832 1838 4930 Martyrum

542 4926 632 5003 fade
651 4958 842 5013 veneramur
861 4972 872 5011 ε
889 4939 950 5040 qui
964 4942 1124 5015 humanas
1138 4959 1270 5013 mentes
1291 4937 1338 5012 ad
1360 4956 1531 5011 certamen
1557 4929 1692 5008 calestis
1713 4928 1835 5033 glorie
